@book{asimov1950robot,
  title={I, Robot},
  author={Asimov, I.},
  lccn={68070665},
  series={Robot series},
  url={https://books.google.com.ua/books?id=MD0GAQAAIAAJ},
  year={1950},
  publisher={Bantam Books}
}

@misc{MerriamWebster2009,
  added-at = {2011-11-02T03:50:50.000+0100},
  author = {{Merriam-Webster Online}},
  biburl = {https://www.bibsonomy.org/bibtex/28f96db98699abb1c45884545e7bc3263/lran022},
  interhash = {7b6eed7f8cb50d1963639ab35f7b937c},
  intrahash = {8f96db98699abb1c45884545e7bc3263},
  keywords = {imported},
  timestamp = {2011-11-02T03:50:55.000+0100},
  title = {{Merriam-Webster Online Dictionary}},
  url = {http://www.merriam-webster.com},
  year = 2017
}

@book{hopper2015practicing,
  title={Practicing College Learning Strategies},
  author={Hopper, C.H.},
  isbn={9781305109599},
  lccn={2014944160},
  url={https://books.google.com.ua/books?id=JkxTCwAAQBAJ},
  year={2015},
  publisher={Cengage Learning}
}
~
@misc{simplemind, title={Home}, url={https://simplemind.eu/}, journal={SimpleMind}}